@ARTICLE{LISAdescope,
   author = {{Amaro-Seoane}, P. and {Aoudia}, S. and {Babak}, S. and {Bin{\'e}truy}, P. and 
	{Berti}, E. and {Boh{\'e}}, A. and {Caprini}, C. and {Colpi}, M. and 
	{Cornish}, N.~J. and {Danzmann}, K. and {Dufaux}, J.-F. and 
	{Gair}, J. and {Jennrich}, O. and {Jetzer}, P. and {Klein}, A. and 
	{Lang}, R.~N. and {Lobo}, A. and {Littenberg}, T. and {McWilliams}, S.~T. and 
	{Nelemans}, G. and {Petiteau}, A. and {Porter}, E.~K. and {Schutz}, B.~F. and 
	{Sesana}, A. and {Stebbins}, R. and {Sumner}, T. and {Vallisneri}, M. and 
	{Vitale}, S. and {Volonteri}, M. and {Ward}, H.},
    title = "{eLISA: Astrophysics and cosmology in the millihertz regime}",
  journal = {ArXiv e-prints},
archivePrefix = "arXiv",
   eprint = {1201.3621},
 primaryClass = "astro-ph.CO",
 keywords = {Astrophysics - Cosmology and Extragalactic Astrophysics, Astrophysics - Galaxy Astrophysics, General Relativity and Quantum Cosmology},
     year = 2012,
    month = jan,
   adsurl = {http://adsabs.harvard.edu/abs/2012arXiv1201.3621A},
  adsnote = {Provided by the SAO/NASA Astrophysics Data System}
}

@ARTICLE{HuertaIMRIA,
   author = {{Huerta}, E.~A. and {Gair}, J.~R.},
    title = "{Intermediate-mass-ratio inspirals in the Einstein Telescope. I. Signal-to-noise ratio calculations}",
  journal = {\prd},
archivePrefix = "arXiv",
   eprint = {1009.1985},
 primaryClass = "gr-qc",
 keywords = {Wave generation and sources, Post-Newtonian approximation; perturbation theory; related approximations},
     year = 2011,
    month = feb,
   volume = 83,
   number = 4,
      eid = {044020},
    pages = {044020},
      doi = {10.1103/PhysRevD.83.044020},
   adsurl = {http://adsabs.harvard.edu/abs/2011PhRvD..83d4020H},
  adsnote = {Provided by the SAO/NASA Astrophysics Data System}
}

@ARTICLE{HuertaIMRIB,
   author = {{Huerta}, E.~A. and {Gair}, J.~R.},
    title = "{Intermediate-mass-ratio inspirals in the Einstein Telescope. II. Parameter estimation errors}",
  journal = {\prd},
archivePrefix = "arXiv",
   eprint = {1011.0421},
 primaryClass = "gr-qc",
 keywords = {Wave generation and sources, Post-Newtonian approximation; perturbation theory; related approximations},
     year = 2011,
    month = feb,
   volume = 83,
   number = 4,
      eid = {044021},
    pages = {044021},
      doi = {10.1103/PhysRevD.83.044021},
   adsurl = {http://adsabs.harvard.edu/abs/2011PhRvD..83d4021H},
  adsnote = {Provided by the SAO/NASA Astrophysics Data System}
}

@ARTICLE{Glebbeek09,
   author = {{Glebbeek}, E. and {Gaburov}, E. and {de Mink}, S.~E. and {Pols}, O.~R. and 
	{Portegies Zwart}, S.~F.},
    title = "{The evolution of runaway stellar collision products}",
  journal = {A \& A},
archivePrefix = "arXiv",
   eprint = {0902.1753},
 primaryClass = "astro-ph.SR",
 keywords = {stars: evolution, stars: formation, stars: mass-loss, galaxies: clusters: general},
     year = 2009,
    month = apr,
   volume = 497,
    pages = {255-264},
      doi = {10.1051/0004-6361/200810425},
   adsurl = {http://adsabs.harvard.edu/abs/2009A%26A...497..255G},
  adsnote = {Provided by the SAO/NASA Astrophysics Data System}
}


@ARTICLE{MandelGairDetection,
   author = {{Mandel}, I. and {Gair}, J.~R.},
    title = "{Can we detect intermediate mass ratio inspirals?}",
  journal = {Classical and Quantum Gravity},
archivePrefix = "arXiv",
   eprint = {0811.0138},
 primaryClass = "gr-qc",
     year = 2009,
    month = may,
   volume = 26,
   number = 9,
    pages = {094036-+},
      doi = {10.1088/0264-9381/26/9/094036},
   adsurl = {http://adsabs.harvard.edu/abs/2009CQGra..26i4036M},
  adsnote = {Provided by the SAO/NASA Astrophysics Data System}
}

@Article{CutlerThorneReview,
     author    = "Cutler, Curt and Thorne, Kip S.",
     title     = "{An overview of gravitational-wave sources}",
     year      = "2002",
     eprint    = "gr-qc/0204090",
     archivePrefix = "arXiv",
     SLACcitation  = "%%CITATION = GR-QC/0204090;%%"
}

@article{HighMass,
      author         = "Abadie, J. and others",
      title          = "{Search for gravitational waves from binary black hole
                        inspiral, merger and ringdown}",
      collaboration  = "The LIGO Scientific Collaboration and the Virgo
                        Collaboration, the Virgo Collaboration",
      journal        = "Phys.Rev.",
      volume         = "D83",
      pages          = "122005",
      doi            = "10.1103/PhysRevD.83.122005",
      year           = "2011",
      eprint         = "1102.3781",
      archivePrefix  = "arXiv",
      primaryClass   = "gr-qc",
}

@ARTICLE{BuonannoWaveform,
   author = {{Buonanno}, A. and {Iyer}, B.~R. and {Ochsner}, E. and {Pan}, Y. and 
	{Sathyaprakash}, B.~S.},
    title = "{Comparison of post-Newtonian templates for compact binary inspiral signals in gravitational-wave detectors}",
  journal = {\prd},
archivePrefix = "arXiv",
   eprint = {0907.0700},
 primaryClass = "gr-qc",
 keywords = {Wave generation and sources, Post-Newtonian approximation; perturbation theory; related approximations, Gravitational wave detectors and experiments, Gravitational radiation detectors; mass spectrometers; and other instrumentation and techniques},
     year = 2009,
    month = oct,
   volume = 80,
   number = 8,
    pages = {084043-+},
      doi = {10.1103/PhysRevD.80.084043},
   adsurl = {http://adsabs.harvard.edu/abs/2009PhRvD..80h4043B},
  adsnote = {Provided by the SAO/NASA Astrophysics Data System}
}

@ARTICLE{BCEMRI,
   author = {{Barack}, L. and {Cutler}, C.},
    title = "{Using LISA extreme-mass-ratio inspiral sources to test off-Kerr deviations in the geometry of massive black holes}",
  journal = {\prd},
   eprint = {arXiv:gr-qc/0612029},
 keywords = {Gravitational wave detectors and experiments, Post-Newtonian approximation; perturbation theory; related approximations, Wave generation and sources, Experimental tests of gravitational theories},
     year = 2007,
    month = feb,
   volume = 75,
   number = 4,
    pages = {042003-+},
      doi = {10.1103/PhysRevD.75.042003},
   adsurl = {http://adsabs.harvard.edu/abs/2007PhRvD..75d2003B},
  adsnote = {Provided by the SAO/NASA Astrophysics Data System}
}

@ARTICLE{Vallisneri,
   author = {{Vallisneri}, M.},
    title = "{Use and abuse of the Fisher information matrix in the assessment of gravitational-wave parameter-estimation prospects}",
  journal = {\prd},
   eprint = {arXiv:gr-qc/0703086},
 keywords = {Gravitational wave detectors and experiments, Inference methods, Gravitational radiation detectors; mass spectrometers; and other instrumentation and techniques},
     year = 2008,
    month = feb,
   volume = 77,
   number = 4,
    pages = {042001-+},
      doi = {10.1103/PhysRevD.77.042001},
   adsurl = {http://adsabs.harvard.edu/abs/2008PhRvD..77d2001V},
  adsnote = {Provided by the SAO/NASA Astrophysics Data System}
}

@ARTICLE{PoissonWill,
   author = {{Poisson}, E. and {Will}, C.~M.},
    title = "{Gravitational waves from inspiraling compact binaries: Parameter estimation using second-post-Newtonian waveforms}",
  journal = {\prd},
   eprint = {arXiv:gr-qc/9502040},
 keywords = {Post-Newtonian approximation; perturbation theory; related approximations, Gravitational waves: theory, Neutron stars, Black holes},
     year = 1995,
    month = jul,
   volume = 52,
    pages = {848-855},
      doi = {10.1103/PhysRevD.52.848},
   adsurl = {http://adsabs.harvard.edu/abs/1995PhRvD..52..848P},
  adsnote = {Provided by the SAO/NASA Astrophysics Data System}
}

@ARTICLE{MikocziSelf,
   author = {{Mik{\'o}czi}, B. and {Vas{\'u}th}, M. and {Gergely}, L.~{\'A}.
	},
    title = "{Self-interaction spin effects in inspiralling compact binaries}",
  journal = {\prd},
   eprint = {arXiv:astro-ph/0504538},
 keywords = {Wave generation and sources, Post-Newtonian approximation; perturbation theory; related approximations},
     year = 2005,
    month = jun,
   volume = 71,
   number = 12,
    pages = {124043-+},
      doi = {10.1103/PhysRevD.71.124043},
   adsurl = {http://adsabs.harvard.edu/abs/2005PhRvD..71l4043M},
  adsnote = {Provided by the SAO/NASA Astrophysics Data System}
}

@ARTICLE{ArunPE,
   author = {{Arun}, K.~G. and {Iyer}, B.~R. and {Sathyaprakash}, B.~S. and 
	{Sundararajan}, P.~A.},
    title = "{Parameter estimation of inspiralling compact binaries using 3.5 post-Newtonian gravitational wave phasing: The nonspinning case}",
  journal = {\prd},
   eprint = {arXiv:gr-qc/0411146},
 keywords = {Post-Newtonian approximation; perturbation theory; related approximations, Gravitational waves: theory, Gravitational wave detectors and experiments, Neutron stars},
     year = 2005,
    month = apr,
   volume = 71,
   number = 8,
    pages = {084008-+},
      doi = {10.1103/PhysRevD.71.084008},
   adsurl = {http://adsabs.harvard.edu/abs/2005PhRvD..71h4008A},
  adsnote = {Provided by the SAO/NASA Astrophysics Data System}
}

@ARTICLE{BrownIMRI,
   author = {{Brown}, D.~A. and {Brink}, J. and {Fang}, H. and {Gair}, J.~R. and 
	{Li}, C. and {Lovelace}, G. and {Mandel}, I. and {Thorne}, K.~S.
	},
    title = "{Prospects for Detection of Gravitational Waves from Intermediate-Mass-Ratio Inspirals}",
  journal = {Physical Review Letters},
   eprint = {arXiv:gr-qc/0612060},
 keywords = {Gravitational wave detectors and experiments, Post-Newtonian approximation; perturbation theory; related approximations, Wave generation and sources},
     year = 2007,
    month = nov,
   volume = 99,
   number = 20,
    pages = {201102-+},
      doi = {10.1103/PhysRevLett.99.201102},
   adsurl = {http://adsabs.harvard.edu/abs/2007PhRvL..99t1102B},
  adsnote = {Provided by the SAO/NASA Astrophysics Data System}
}

@ARTICLE{RyanBoson,
   author = {{Ryan}, F.~D.},
    title = "{Spinning boson stars with large self-interaction}",
  journal = {\prd},
 keywords = {Relativistic stars: structure, stability, and oscillations, Stellar rotation},
     year = 1997,
    month = may,
   volume = 55,
    pages = {6081-6091},
      doi = {10.1103/PhysRevD.55.6081},
   adsurl = {http://adsabs.harvard.edu/abs/1997PhRvD..55.6081R},
  adsnote = {Provided by the SAO/NASA Astrophysics Data System}
}

@ARTICLE{RyanDetection,
   author = {{Ryan}, F.~D.},
    title = "{Accuracy of estimating the multipole moments of a massive body from the gravitational waves of a binary inspiral}",
  journal = {\prd},
 keywords = {Post-Newtonian approximation; perturbation theory; related approximations, Wave generation and sources, Gravitational wave detectors and experiments, Gravitational radiation detectors; mass spectrometers; and other instrumentation and techniques},
     year = 1997,
    month = aug,
   volume = 56,
    pages = {1845-1855},
      doi = {10.1103/PhysRevD.56.1845},
   adsurl = {http://adsabs.harvard.edu/abs/1997PhRvD..56.1845R},
  adsnote = {Provided by the SAO/NASA Astrophysics Data System}
}

@ARTICLE{RyanMultipole,
   author = {{Ryan}, F.~D.},
    title = "{Gravitational waves from the inspiral of a compact object into a massive, axisymmetric body with arbitrary multipole moments}",
  journal = {\prd},
 keywords = {Post-Newtonian approximation; perturbation theory; related approximations, Wave generation and sources},
     year = 1995,
    month = nov,
   volume = 52,
    pages = {5707-5718},
      doi = {10.1103/PhysRevD.52.5707},
   adsurl = {http://adsabs.harvard.edu/abs/1995PhRvD..52.5707R},
  adsnote = {Provided by the SAO/NASA Astrophysics Data System}
}


@ARTICLE{IlyaRates,
   author = {{Mandel}, I. and {Brown}, D.~A. and {Gair}, J.~R. and {Miller}, M.~C.
	},
    title = "{Rates and Characteristics of Intermediate Mass Ratio Inspirals Detectable by Advanced LIGO}",
  journal = {\apj},
archivePrefix = "arXiv",
   eprint = {0705.0285},
 keywords = {Black Hole Physics, Galaxy: Globular Clusters: General, Gravitational Waves},
     year = 2008,
    month = jul,
   volume = 681,
    pages = {1431-1447},
      doi = {10.1086/588246},
   adsurl = {http://adsabs.harvard.edu/abs/2008ApJ...681.1431M},
  adsnote = {Provided by the SAO/NASA Astrophysics Data System}
}
	
@ARTICLE{ObserveIMBH,
   author = {{Farrell}, S.~A. and {Webb}, N.~A. and {Barret}, D. and {Godet}, O. and 
	{Rodrigues}, J.~M.},
    title = "{An intermediate-mass black hole of over 500 solar masses in the galaxy ESO243-49}",
  journal = {\nat},
archivePrefix = "arXiv",
   eprint = {1001.0567},
 primaryClass = "astro-ph.HE",
     year = 2009,
    month = jul,
   volume = 460,
    pages = {73-75},
      doi = {10.1038/nature08083},
   adsurl = {http://adsabs.harvard.edu/abs/2009Natur.460...73F},
  adsnote = {Provided by the SAO/NASA Astrophysics Data System}
}


	
	@ARTICLE{PoissonQuad,
   author = {{Poisson}, E.},
    title = "{Gravitational waves from inspiraling compact binaries: The quadrupole-moment term}",
  journal = {\prd},
   eprint = {arXiv:gr-qc/9709032},
 keywords = {Wave generation and sources, Post-Newtonian approximation; perturbation theory; related approximations, Neutron stars, Black holes},
     year = 1998,
    month = apr,
   volume = 57,
    pages = {5287-5290},
      doi = {10.1103/PhysRevD.57.5287},
   adsurl = {http://adsabs.harvard.edu/abs/1998PhRvD..57.5287P},
  adsnote = {Provided by the SAO/NASA Astrophysics Data System}
}

@ARTICLE{FinnDetection,
   author = {{Finn}, L.~S.},
    title = "{Detection, measurement, and gravitational radiation}",
  journal = {\prd},
   eprint = {arXiv:gr-qc/9209010},
 keywords = {Measurement and error theory, Black holes},
     year = 1992,
    month = dec,
   volume = 46,
    pages = {5236-5249},
      doi = {10.1103/PhysRevD.46.5236},
   adsurl = {http://adsabs.harvard.edu/abs/1992PhRvD..46.5236F},
  adsnote = {Provided by the SAO/NASA Astrophysics Data System}
}

@ARTICLE{CutlerFlanagan,
   author = {{Cutler}, C. and {Flanagan}, {\'E}.~E.},
    title = "{Gravitational waves from merging compact binaries: How accurately can one extract the binary's parameters from the inspiral waveform$\backslash$?}",
  journal = {\prd},
   eprint = {arXiv:gr-qc/9402014},
 keywords = {Gravitational wave detectors and experiments, Wave generation and sources, Neutron stars, Astrometric and interferometric binaries},
     year = 1994,
    month = mar,
   volume = 49,
    pages = {2658-2697},
      doi = {10.1103/PhysRevD.49.2658},
   adsurl = {http://adsabs.harvard.edu/abs/1994PhRvD..49.2658C},
  adsnote = {Provided by the SAO/NASA Astrophysics Data System}
}

@ARTICLE{LSC4,
   author = {{Abbott}, B. and {Abbott}, R. and {Adhikari}, R. and {Ageev}, A. and 
	{Allen}, B. and {Amin}, R. and {Anderson}, S.~B. and {Anderson}, W.~G. and 
	{Araya}, M. and {Armandula}, H. and et al.},
    title = "{Search for gravitational waves from galactic and extra-galactic binary neutron stars}",
  journal = {\prd},
   eprint = {arXiv:gr-qc/0505041},
 keywords = {Gravitational radiation, magnetic fields, and other observations, Gravitational wave detectors and experiments, Data analysis: algorithms and implementation; data management, Binary and multiple stars},
     year = 2005,
    month = oct,
   volume = 72,
   number = 8,
    pages = {082001-+},
      doi = {10.1103/PhysRevD.72.082001},
   adsurl = {http://adsabs.harvard.edu/abs/2005PhRvD..72h2001A},
  adsnote = {Provided by the SAO/NASA Astrophysics Data System}
}
  
  @ARTICLE{LSC5,
   author = {{Abbott}, B. and {Abbott}, R. and {Adhikari}, R. and {Agresti}, J. and 
	{Ajith}, P. and {Allen}, B. and {Amin}, R. and {Anderson}, S.~B. and 
	{Anderson}, W.~G. and {Arain}, M. and et al.},
    title = "{Search for gravitational waves from binary inspirals in S3 and S4 LIGO data}",
  journal = {\prd},
archivePrefix = "arXiv",
   eprint = {0704.3368},
 primaryClass = "gr-qc",
 keywords = {Gravitational radiation, magnetic fields, and other observations, Gravitational wave detectors and experiments, Data analysis: algorithms and implementation; data management, Binary and multiple stars},
     year = 2008,
    month = mar,
   volume = 77,
   number = 6,
    pages = {062002-+},
      doi = {10.1103/PhysRevD.77.062002},
   adsurl = {http://adsabs.harvard.edu/abs/2008PhRvD..77f2002A},
  adsnote = {Provided by the SAO/NASA Astrophysics Data System}
}

@ARTICLE{VolonteriSMBH,
   author = {{Volonteri}, M. and {Haardt}, F. and {Madau}, P.},
    title = "{The Assembly and Merging History of Supermassive Black Holes in Hierarchical Models of Galaxy Formation}",
  journal = {\apj},
   eprint = {arXiv:astro-ph/0207276},
 keywords = {Black Hole Physics, Cosmology: Theory, Galaxies: Evolution, Galaxies: Quasars: General},
     year = 2003,
    month = jan,
   volume = 582,
    pages = {559-573},
      doi = {10.1086/344675},
   adsurl = {http://adsabs.harvard.edu/abs/2003ApJ...582..559V},
  adsnote = {Provided by the SAO/NASA Astrophysics Data System}
}

@ARTICLE{PortegiesIMBH,
   author = {{Portegies Zwart}, S.~F. and {Baumgardt}, H. and {Hut}, P. and 
	{Makino}, J. and {McMillan}, S.~L.~W.},
    title = "{Formation of massive black holes through runaway collisions in dense young star clusters}",
  journal = {\nat},
   eprint = {arXiv:astro-ph/0402622},
     year = 2004,
    month = apr,
   volume = 428,
    pages = {724-726},
      doi = {10.1038/nature02448},
   adsurl = {http://adsabs.harvard.edu/abs/2004Natur.428..724P},
  adsnote = {Provided by the SAO/NASA Astrophysics Data System}
}

@ARTICLE{S4Ringdown,
   author = {{Abbott}, B.~P. and {Abbott}, R. and {Adhikari}, R. and {Ajith}, P. and 
	{Allen}, B. and {Allen}, G. and {Amin}, R.~S. and {Anderson}, S.~B. and 
	{Anderson}, W.~G. and {Arain}, M.~A. and et al.},
    title = "{Search for gravitational wave ringdowns from perturbed black holes in LIGO S4 data}",
  journal = {\prd},
archivePrefix = "arXiv",
   eprint = {0905.1654},
 primaryClass = "gr-qc",
 keywords = {Gravitational radiation, magnetic fields, and other observations, Gravitational wave detectors and experiments, Data analysis: algorithms and implementation; data management, Neutron stars},
     year = 2009,
    month = sep,
   volume = 80,
   number = 6,
    pages = {062001-+},
      doi = {10.1103/PhysRevD.80.062001},
   adsurl = {http://adsabs.harvard.edu/abs/2009PhRvD..80f2001A},
  adsnote = {Provided by the SAO/NASA Astrophysics Data System}
}


@ARTICLE{PortegiesGas,
   author = {{Portegies Zwart}, S.~F. and {McMillan}, S.~L.~W. and {Gieles}, M.
	},
    title = "{Young Massive Star Clusters}",
  journal = {Annual Review of Astronomy and Astrophysics},
archivePrefix = "arXiv",
   eprint = {1002.1961},
 primaryClass = "astro-ph.GA",
     year = 2010,
    month = sep,
   volume = 48,
    pages = {431-493},
      doi = {10.1146/annurev-astro-081309-130834},
   adsurl = {http://adsabs.harvard.edu/abs/2010ARA\%26A..48..431P},
  adsnote = {Provided by the SAO/NASA Astrophysics Data System}
}

@ARTICLE{OlearyIMBH,
   author = {{O'Leary}, R.~M. and {Rasio}, F.~A. and {Fregeau}, J.~M. and 
	{Ivanova}, N. and {O'Shaughnessy}, R.},
    title = "{Binary Mergers and Growth of Black Holes in Dense Star Clusters}",
  journal = {\apj},
   eprint = {arXiv:astro-ph/0508224},
 keywords = {Black Hole Physics, Galaxies: Kinematics and Dynamics, Galaxies: Star Clusters, Gravitational Waves},
     year = 2006,
    month = feb,
   volume = 637,
    pages = {937-951},
      doi = {10.1086/498446},
   adsurl = {http://adsabs.harvard.edu/abs/2006ApJ...637..937O},
  adsnote = {Provided by the SAO/NASA Astrophysics Data System}
}

@article {BanerjeeBH,
author = {Banerjee, Sambaran and Baumgardt, Holger and Kroupa, Pavel},
title = {Stellar-mass black holes in star clusters: implications for gravitational wave radiation},
journal = {Monthly Notices of the Royal Astronomical Society},
volume = {402},
number = {1},
publisher = {Blackwell Publishing Ltd},
issn = {1365-2966},
url = {http://dx.doi.org/10.1111/j.1365-2966.2009.15880.x},
doi = {10.1111/j.1365-2966.2009.15880.x},
pages = {371--380},
keywords = {black hole physics, gravitational waves, scattering, stellar dynamics, methods: N-body simulations, galaxies: star clusters},
year = {2010}
}

@ARTICLE{VesperiniGas,
   author = {{Vesperini}, E. and {McMillan}, S.~L.~W. and {D'Ercole}, A. and 
	{D'Antona}, F.},
    title = "{Intermediate-mass Black Holes in Early Globular Clusters}",
  journal = {\apj},
archivePrefix = "arXiv",
   eprint = {1003.3470},
 primaryClass = "astro-ph.GA",
 keywords = {globular clusters: general},
     year = 2010,
    month = apr,
   volume = 713,
    pages = {L41--L44},
      doi = {10.1088/2041-8205/713/1/L41},
   adsurl = {http://adsabs.harvard.edu/abs/2010ApJ...713L..41V},
  adsnote = {Provided by the SAO/NASA Astrophysics Data System}
}

@article{JonET,
  title = {Intermediate-mass-ratio inspirals in the Einstein Telescope. II. Parameter estimation errors},
  month = {Feb},
  doi = {10.1103/PhysRevD.83.044021},
  author = {Huerta, E. A. and Gair, Jonathan R.},
  year = {2011},
  issue = {4},
  url = {http://link.aps.org/doi/10.1103/PhysRevD.83.044021},
  numpages = {18},
  journal = {Phys. Rev. D},
  publisher = {American Physical Society},
  pages = {044021},
  volume = {83}
}

@ARTICLE{BPT,
   author = {{Bardeen}, J.~M. and {Press}, W.~H. and {Teukolsky}, S.~A.},
    title = "{Rotating Black Holes: Locally Nonrotating Frames, Energy Extraction, and Scalar Synchrotron Radiation}",
  journal = {\apj},
     year = 1972,
    month = dec,
   volume = 178,
    pages = {347-370},
      doi = {10.1086/151796},
   adsurl = {http://adsabs.harvard.edu/abs/1972ApJ...178..347B},
  adsnote = {Provided by the SAO/NASA Astrophysics Data System}
}

@ARTICLE{AdvLIGO,
   author = {{Harry}, G.~M. and {the LIGO Scientific Collaboration}},
    title = "{Advanced LIGO: the next generation of gravitational wave detectors}",
  journal = {Classical Quant. Grav.},
     year = 2010,
    month = apr,
   volume = 27,
   number = 8,
    pages = {084006-+},
      doi = {10.1088/0264-9381/27/8/084006},
   adsurl = {http://adsabs.harvard.edu/abs/2010CQGra..27h4006H},
  adsnote = {Provided by the SAO/NASA Astrophysics Data System}
}

@techreport{AdvVirgo,
   title = {Advanced Virgo Baseline Design},
   author = {{Virgo Collaboration}},
   type = {Technical Report},
   number = {VIR-0027A-09},
   year = {2009}
}

@ARTICLE{MillerColbert:2004,
   author = {{Miller}, M.~C. and {Colbert}, E.~J.~M.},
    title = "{Intermediate-Mass Black Holes}",
  journal = {International Journal of Modern Physics D},
   eprint = {arXiv:astro-ph/0308402},
 keywords = {Black hole physics, (galaxy) globular clusters: general, gravitational waves, stellar dynamics, X-rays: binaries},
     year = 2004,
    month = jan,
   volume = 13,
    pages = {1-64},
      doi = {10.1142/S0218271804004426},
   adsurl = {http://adsabs.harvard.edu/abs/2004IJMPD..13....1M},
  adsnote = {Provided by the SAO/NASA Astrophysics Data System}
}

@ARTICLE{DuncanEccentricity,
   author = {{Brown}, D.~A. and {Zimmerman}, P.~J.},
    title = "{Effect of eccentricity on searches for gravitational waves from coalescing compact binaries in ground-based detectors}",
  journal = {\prd},
archivePrefix = "arXiv",
   eprint = {0909.0066},
 primaryClass = "gr-qc",
 keywords = {Gravitational waves: theory, Post-Newtonian approximation; perturbation theory; related approximations, Wave generation and sources, Gravitational wave detectors and experiments},
     year = 2010,
    month = jan,
   volume = 81,
   number = 2,
      eid = {024007},
    pages = {024007},
      doi = {10.1103/PhysRevD.81.024007},
   adsurl = {http://adsabs.harvard.edu/abs/2010PhRvD..81b4007B},
  adsnote = {Provided by the SAO/NASA Astrophysics Data System}
}

@ARTICLE{Sluys08,
   author = {{van der Sluys}, M.~V. and {R{\"o}ver}, C. and {Stroeer}, A. and 
	{Raymond}, V. and {Mandel}, I. and {Christensen}, N. and {Kalogera}, V. and 
	{Meyer}, R. and {Vecchio}, A.},
    title = "{Gravitational-Wave Astronomy with Inspiral Signals of Spinning Compact-Object Binaries}",
  journal = {\apjl},
archivePrefix = "arXiv",
   eprint = {0710.1897},
 keywords = {Stars: Binaries: Close, Gamma Rays: Bursts, Gravitational Waves, Relativity},
     year = 2008,
    month = dec,
   volume = 688,
    pages = {L61-L64},
      doi = {10.1086/595279},
   adsurl = {http://adsabs.harvard.edu/abs/2008ApJ...688L..61V},
  adsnote = {Provided by the SAO/NASA Astrophysics Data System}
}

@ARTICLE{PanEOBNR,
   author = {{Pan}, Y. and {Buonanno}, A. and {Boyle}, M. and {Buchman}, L.~T. and 
	{Kidder}, L.~E. and {Pfeiffer}, H.~P. and {Scheel}, M.~A.},
    title = "{Inspiral-merger-ringdown multipolar waveforms of nonspinning black-hole binaries using the effective-one-body formalism}",
  journal = {\prd},
archivePrefix = "arXiv",
   eprint = {1106.1021},
 primaryClass = "gr-qc",
 keywords = {Numerical relativity, Numerical studies of black holes and black-hole binaries, Post-Newtonian approximation; perturbation theory; related approximations, Gravitational waves: theory},
     year = 2011,
    month = dec,
   volume = 84,
   number = 12,
      eid = {124052},
    pages = {124052},
      doi = {10.1103/PhysRevD.84.124052},
   adsurl = {http://adsabs.harvard.edu/abs/2011PhRvD..84l4052P},
  adsnote = {Provided by the SAO/NASA Astrophysics Data System}
}

@ARTICLE{cokelaer,
   author = {{Cokelaer}, T.},
    title = "{Parameter estimation of inspiralling compact binaries in ground-based detectors: comparison between Monte Carlo simulations and the Fisher information matrix}",
  journal = {Classical and Quantum Gravity},
     year = 2008,
    month = sep,
   volume = 25,
   number = 18,
    pages = {184007},
      doi = {10.1088/0264-9381/25/18/184007},
   adsurl = {http://adsabs.harvard.edu/abs/2008CQGra..25r4007C},
  adsnote = {Provided by the SAO/NASA Astrophysics Data System}
}


@ARTICLE{DarmourNoiseCurve,
   author = {{Damour}, T. and {Iyer}, B.~R. and {Sathyaprakash}, B.~S.},
    title = "{Comparison of search templates for gravitational waves from binary inspiral}",
  journal = {\prd},
   eprint = {arXiv:gr-qc/0010009},
 keywords = {Wave generation and sources, Post-Newtonian approximation; perturbation theory; related approximations, Gravitational wave detectors and experiments, Gravitational radiation detectors; mass spectrometers; and other instrumentation and techniques},
     year = 2001,
    month = feb,
   volume = 63,
   number = 4,
      eid = {044023},
    pages = {044023},
      doi = {10.1103/PhysRevD.63.044023},
   adsurl = {http://adsabs.harvard.edu/abs/2001PhRvD..63d4023D},
  adsnote = {Provided by the SAO/NASA Astrophysics Data System}
}


@ARTICLE{Veitch2012,
   author = {{Veitch}, J. and {Mandel}, I. and {Aylott}, B. and {Farr}, B. and 
	{Raymond}, V. and {Rodriguez}, C. and {van der Sluys}, M. and 
	{Kalogera}, V. and {Vecchio}, A.},
    title = "{Estimating parameters of coalescing compact binaries with proposed advanced detector networks}",
  journal = {\prd},
archivePrefix = "arXiv",
   eprint = {1201.1195},
 primaryClass = "astro-ph.HE",
 keywords = {Wave generation and sources},
     year = 2012,
    month = may,
   volume = 85,
   number = 10,
      eid = {104045},
    pages = {104045},
      doi = {10.1103/PhysRevD.85.104045},
   adsurl = {http://adsabs.harvard.edu/abs/2012PhRvD..85j4045V},
  adsnote = {Provided by the SAO/NASA Astrophysics Data System}
}


@ARTICLE{spinspiral2010,
   author = {{Raymond}, V. and {van der Sluys}, M.~V. and {Mandel}, I. and 
	{Kalogera}, V. and {R{\"o}ver}, C. and {Christensen}, N.},
    title = "{The effects of LIGO detector noise on a 15-dimensional Markov-chain Monte Carlo analysis of gravitational-wave signals}",
  journal = {Classical and Quantum Gravity},
archivePrefix = "arXiv",
   eprint = {0912.3746},
 primaryClass = "gr-qc",
     year = 2010,
    month = jun,
   volume = 27,
   number = 11,
    pages = {114009},
      doi = {10.1088/0264-9381/27/11/114009},
   adsurl = {http://adsabs.harvard.edu/abs/2010CQGra..27k4009R},
  adsnote = {Provided by the SAO/NASA Astrophysics Data System}
}

@ARTICLE{spinspiral2009,
   author = {{van der Sluys}, M. and {Mandel}, I. and {Raymond}, V. and {Kalogera}, V. and 
	{R{\"o}ver}, C. and {Christensen}, N.},
    title = "{Parameter estimation for signals from compact binary inspirals injected into LIGO data}",
  journal = {Classical and Quantum Gravity},
archivePrefix = "arXiv",
   eprint = {0905.1323},
 primaryClass = "gr-qc",
     year = 2009,
    month = oct,
   volume = 26,
   number = 20,
    pages = {204010},
      doi = {10.1088/0264-9381/26/20/204010},
   adsurl = {http://adsabs.harvard.edu/abs/2009CQGra..26t4010V},
  adsnote = {Provided by the SAO/NASA Astrophysics Data System}
}



@ARTICLE{nestedsampling2010,
   author = {{Veitch}, J. and {Vecchio}, A.},
    title = "{Bayesian coherent analysis of in-spiral gravitational wave signals with a detector network}",
  journal = {\prd},
archivePrefix = "arXiv",
   eprint = {0911.3820},
 primaryClass = "astro-ph.CO",
 keywords = {Gravitational wave detectors and experiments, General statistical methods, Applications of Monte Carlo methods},
     year = 2010,
    month = mar,
   volume = 81,
   number = 6,
      eid = {062003},
    pages = {062003},
      doi = {10.1103/PhysRevD.81.062003},
   adsurl = {http://adsabs.harvard.edu/abs/2010PhRvD..81f2003V},
  adsnote = {Provided by the SAO/NASA Astrophysics Data System}
}

@misc{
LALcite,
Title = {LSC Algorithm Library (LAL) software},
howpublished = {\url{http://www.lsc-group.phys.uwm.edu/lal}}
 }



@ARTICLE{RatesPaper,
   author = {{Abadie}, J. and {Abbott}, B.~P. and {Abbott}, R. and {Abernathy}, M. and 
	{Accadia}, T. and {Acernese}, F. and {Adams}, C. and {Adhikari}, R. and 
	{Ajith}, P. and {Allen}, B. and et al.},
    title = "{TOPICAL REVIEW:  Predictions for the rates of compact binary coalescences observable by ground-based gravitational-wave detectors}",
  journal = {Classical and Quantum Gravity},
archivePrefix = "arXiv",
   eprint = {1003.2480},
 primaryClass = "astro-ph.HE",
     year = 2010,
    month = sep,
   volume = 27,
   number = 17,
    pages = {173001},
      doi = {10.1088/0264-9381/27/17/173001},
   adsurl = {http://adsabs.harvard.edu/abs/2010CQGra..27q3001A},
  adsnote = {Provided by the SAO/NASA Astrophysics Data System}
}



@ARTICLE{VallisMapping,
   author = {{Vallisneri}, M.},
    title = "{Beyond the Fisher-Matrix Formalism: Exact Sampling Distributions of the Maximum-Likelihood Estimator in Gravitational-Wave Parameter Estimation}",
  journal = {Physical Review Letters},
archivePrefix = "arXiv",
   eprint = {1108.1158},
 primaryClass = "gr-qc",
 keywords = {Gravitational wave detectors and experiments, Post-Newtonian approximation; perturbation theory; related approximations, Wave generation and sources, Gravitational radiation detectors; mass spectrometers; and other instrumentation and techniques},
     year = 2011,
    month = nov,
   volume = 107,
   number = 19,
      eid = {191104},
    pages = {191104},
      doi = {10.1103/PhysRevLett.107.191104},
   adsurl = {http://adsabs.harvard.edu/abs/2011PhRvL.107s1104V},
  adsnote = {Provided by the SAO/NASA Astrophysics Data System}
}


@ARTICLE{EffectiveFisher,
   author = {{Cho}, H.-S. and {Ochsner}, E. and {O'Shaughnessy}, R. and {Kim}, C. and 
	{Lee}, C.-H.},
    title = "{Gravitational waves from BH-NS binaries: Effective Fisher matrices and parameter estimation using higher harmonics}",
  journal = {ArXiv e-prints},
archivePrefix = "arXiv",
   eprint = {1209.4494},
 primaryClass = "gr-qc",
 keywords = {General Relativity and Quantum Cosmology},
     year = 2012,
    month = sep,
   adsurl = {http://adsabs.harvard.edu/abs/2012arXiv1209.4494C},
  adsnote = {Provided by the SAO/NASA Astrophysics Data System}
}


@book{Gilks99,
   author = "W. R. Gilks",
   title = "Markov Chain Monte Carlo In Practice",
   publisher = "Chapman and Hall/CRC",
   year = "1999",
   ISBN = "0412055511"
}

@ARTICLE{RodriguezIMRI,
   author = {{Rodriguez}, C.~L. and {Mandel}, I. and {Gair}, J.~R.},
    title = "{Verifying the no-hair property of massive compact objects with intermediate-mass-ratio inspirals in advanced gravitational-wave detectors}",
  journal = {\prd},
archivePrefix = "arXiv",
   eprint = {1112.1404},
 primaryClass = "astro-ph.HE",
 keywords = {Gravitational wave detectors and experiments, Post-Newtonian approximation; perturbation theory; related approximations, Wave generation and sources, Experimental tests of gravitational theories},
     year = 2012,
    month = mar,
   volume = 85,
   number = 6,
      eid = {062002},
    pages = {062002},
      doi = {10.1103/PhysRevD.85.062002},
   adsurl = {http://adsabs.harvard.edu/abs/2012PhRvD..85f2002R},
  adsnote = {Provided by the SAO/NASA Astrophysics Data System}
}


@ARTICLE{CornishLISA,
   author = {{Cornish}, N.~J. and {Porter}, E.~K.},
    title = "{MCMC exploration of supermassive black hole binary inspirals}",
  journal = {Classical and Quantum Gravity},
   eprint = {arXiv:gr-qc/0605085},
     year = 2006,
    month = oct,
   volume = 23,
    pages = {761},
      doi = {10.1088/0264-9381/23/19/S15},
   adsurl = {http://adsabs.harvard.edu/abs/2006CQGra..23S.761C},
  adsnote = {Provided by the SAO/NASA Astrophysics Data System}
}

@ARTICLE{Inadequacies,
   author = {{Rodriguez}, C.~L. and {Farr}, B. and {Farr}, W. and 
	{Mandel}, I.},
    title = "{Inadequacies of the Fisher Information Matrix in gravitational-wave parameter estimation}",
archivePrefix = "arXiv",
     year = 2013,
   eprint = {Working on it...},
}

@book{Jaynes,
    abstract = {{Going beyond the conventional mathematics of probability theory, this study views the subject in a wider context. It discusses new results, along with applications of probability theory to a variety of problems. The book contains many exercises and is suitable for use as a textbook on graduate-level courses involving data analysis. Aimed at readers already familiar with applied mathematics at an advanced undergraduate level or higher, it is of interest to scientists concerned with inference from incomplete information.}},
    author = {Jaynes, E. T.},
    citeulike-article-id = {241459},
    citeulike-linkout-0 = {http://www.amazon.ca/exec/obidos/redirect?tag=citeulike09-20\&amp;path=ASIN/0521592712},
    citeulike-linkout-1 = {http://www.amazon.de/exec/obidos/redirect?tag=citeulike01-21\&amp;path=ASIN/0521592712},
    citeulike-linkout-2 = {http://www.amazon.fr/exec/obidos/redirect?tag=citeulike06-21\&amp;path=ASIN/0521592712},
    citeulike-linkout-3 = {http://www.amazon.jp/exec/obidos/ASIN/0521592712},
    citeulike-linkout-4 = {http://www.amazon.co.uk/exec/obidos/ASIN/0521592712/citeulike00-21},
    citeulike-linkout-5 = {http://www.amazon.com/exec/obidos/redirect?tag=citeulike07-20\&path=ASIN/0521592712},
    citeulike-linkout-6 = {http://www.worldcat.org/isbn/0521592712},
    citeulike-linkout-7 = {http://books.google.com/books?vid=ISBN0521592712},
    citeulike-linkout-8 = {http://www.amazon.com/gp/search?keywords=0521592712\&index=books\&linkCode=qs},
    citeulike-linkout-9 = {http://www.librarything.com/isbn/0521592712},
    day = {09},
    howpublished = {Hardcover},
    isbn = {0521592712},
    keywords = {bayesian, bayesnet, book, dt, probability},
    month = apr,
    posted-at = {2006-01-31 10:48:11},
    priority = {4},
    publisher = {Cambridge University Press},
    title = {{Probability Theory: The Logic of Science}},
    url = {http://www.amazon.com/exec/obidos/redirect?tag=citeulike07-20\&path=ASIN/0521592712},
    year = {2003}
}




